@Book{iosad2020phonological,
  author       = {Iosad, Pavel},
  title	       = {Phonological drift and language contact},
  subtitle     = {The northern {European} phonological area},
  pubstate     = {inpreparation},
  addendum     = {Under contract to Cambridge University Press},
  keywords     = {future}
}

@Book{iosad16,
  author       = {Iosad, Pavel},
  title        = {A substance-free framework for phonology},
  date      = 2017,
  subtitle  = {An analysis of the {Breton} dialect of {Bothoa}},
  series    = {Edinburgh Studies in Theoretical Linguistics},
  number    = 2,
  publisher = {Edinburgh University Press},
  location  = {Edinburgh}}
