@incollection{iosad2020per,
  title	       = {Per aspera ad astra},
  subtitle     = {Нули и звездочки в русской морфонологии},
  author       = {Iosad, Pavel},
  addendum     = {In Russian: ‘\emph{Per aspera ad astra}: Zeroes and asterisks in Russian morpho\-phonology’},
  date	       = {2020-09-10},
  booktitle    = {{ВАП}росы языкознания},
  booksubtitle = {Мегасборник наностатей},
  location     = {Москва},
  pages	       = {69--73},
  booktitleaddon= {[{A Festschrift for Vladimir Plungian}]},
  editor       = {Kibrik, Andreĭ Al\-ek\-sandrovich and Semenova, Kseniya Pavlovna and Sichinava, Dmitriĭ Vladimirovich and
                  Tat\-ev\-osov, Sergeĭ Georgievich and Urmanchieva, Anna Yur'evna},
  publisher    = {Буки веди},
  langid       = {russian}
}



@InCollection{wetzels2019vowel,
  author       = {Iosad, Pavel and Wetzels, W.~Leo},
  title	       = {Length and quantity in {Romance}},
  booktitle    = {Manual of {Romance} phonetics and phonology},
  editor       = {Gabriel, Christoph and Gess, Randall and Meisenburg, Trudel},
  location     = {Berlin},
  publisher    = {De Gruyter},
  pubstate     = {forthcoming}
}



@InCollection{iosad2019norsk,
  author       = {Iosad, Pavel},
  title	       = {Norsk preaspirasjon i gamle og nye kjelder},
  booktitle    = {Fonologi, sosiolingvistikk og vitenskapsteori},
  booksubtitle = {Festskrift til {Gjert Kristoffersen}},
  editor       = {Hognestad, Jan Kristian and Kinn, Torodd and Lohndal, Terje},
  date	       = 2019,
  publisher    = {Novus},
  pages	       = {161--182},
  location     = {Oslo},
  langid       = {norsk},
  addendum     = {In Norwegian: ‘Norwegian preaspiration in old and new sources’}
}



@InCollection{iosad2019gaelic,
  author       = {Iosad, Pavel},
  title	       = {The life cycle of preaspiration in the {Gaelic} languages},
  booktitle    = {Language on the move across domains and communities},
  pages        = {200--230},
  booksubtitle = {Selected papers from the 12th triennial {Forum for Research on the Languages of Scotland and Ulster}},
  location     = {Aberdeen},
  editor       = {Kopaczyk, Joanna and Millar, Robert McColl},
  publisher    = {FRLSU},
  date 	       = {2020-11-30},
}


@InCollection{iosad2018developments,
  author       = {Iosad, Pavel},
  title	       = {Phonology in the {Soviet} {Union}},
  editor       = {Dresher, B. Elan and van der Hulst, Harry},
  booktitle    = {The {Oxford} history of phonology},
  location     = {Oxford},
  pubstate     = {forthcoming},
  keywords     = {future},
  publisher    = {Oxford University Press}
}


@InCollection{iosad2020atr,
  author       = {Iosad, Pavel},
  title	       = {The {[ATR]}/{Laryngeal} connection and emergent features},
  booktitle    = {Primitives of phonological structure},
  series       = {Oxford Studies in Phonology and Phonetics},
  keywords     = {future},
  editor       = {Botma, Bert and Breit, Florian and van Oostendorp, Marc and van 't Veer, Marijn},
  location     = {Oxford},
  publisher    = {Oxford Unviversity Press},
  pubstate     = {submitted}
}

@InCollection{iosad15:_optim_theor,
  author       = {Iosad, Pavel},
  title	       = {Optimality {Theory}},
  subtitle     = {Motivations and perspectives},
  editor       = {Hannahs, S. J. and Bosch, Anna R. K.},
  booktitle    = {The {Routledge} handbook of phonological theory},
  date	       = {2018},
  publisher    = {Routledge},
  location     = {London and New York}
}

@InCollection{iosad2016tonal,
  author       = {Iosad, Pavel},
  title        = {Tonal stability and tonogenesis in {North Germanic}},
  publisher    = {Norvik Press},
  pages        = {78--95},
  date      = 2016,
  booktitle = {Beyond borealism},
  editor    = {Giles, Ian and Chapot, Laura and Cooijmans, Christian and Foster, Ryan and Tesio, Barbara},
  booksubtitle = {New perspectives on the {North}},
  location     = {London}}

@InCollection{iosad13:_scott_gaelic,
  doi 	       = {10.1515/9783110346978.28},
  author       = {Iosad, Pavel},
  title	       = {\enquote{Pitch accent} and prosodic structure in {Scottish} {Gaelic}},
  subtitle     = {Reassessing the role of contact},
  pages	       = {28--54},
  booktitle    = {New trends in {Nordic} and general linguistics},
  publisher    = {Mouton de Gruyter},
  series       = {Linguae \&{} Litterae},
  number       = {46},
  editor       = {Hilpert, Martin and Duke, Janet and Mertzlufft, Christine and Östman, Jan-Ola and Rießler, Michael},
  date	       = 2015,
  location     = {Berlin}
}

@article{iosad2013head,
  title	       = {Head-dependent asymmetries in {Munster Irish} prosody},
  volume       = 40,
  DOI	       = {10.7557/12.2502},
  number       = 1,
  journaltitle = {Nordlyd},
  oa 	       = {oa},
  author       = {Iosad, Pavel},
  editor       = {Blaho, Sylvia and Krämer, Martin and Morén-Duolljá, Bruce},
  issuetitle   = {X Years of {CASTL} Phonology and {L} Years of {Curtness}},
  date	       = 2013,
  pages	       = {66--107}
}

@InCollection{iosad2010right,
  author       = {Iosad, Pavel},
  title	       = {Right at the left edge},
  subtitle     = {Initial consonant mutations in the world's languages},
  pages	       = {105--138},
  booktitle    = {Rethinking universals},
  booksubtitle = {How rarities affect linguistic theory},
  date	       = 2010,
  editor       = {Cysouw, Michael and Wohlgemuth, Jan},
  number       = 45,
  series       = {Empirical Approaches to Language Typology},
  address      = {Berlin},
  publisher    = {Mouton de Gruyter}
}

@InCollection{iosad2010касситский,
  langid       = {russian},
  author       = {Iosad, Pavel},
  title        = {Касситский язык},
  titleaddon   = {[Cassite]},
  editor       = {Kazanskiĭ, Nikolaĭ Nikolaevich and Kibrik, Andreĭ Aleksandrovich and Koryakov, Yuriĭ Borisovich},
  date      = 2010,
  booktitle    = {Языки мира},
  booksubtitle = {Древние реликтовые языки {Передней Азии}},
  booktitleaddon = {[Languages of the world: {Ancient relic languages of the Middle East}]},
  location     = {Moscow},
  publisher    = {Academia and RAS Institute of Linguistics},
  pages        = {184--187}}

@InCollection{iosad-rnag2018,
  author       = {Iosad, Pavel},
  title	       = {The phonology of {Gaelic} tonal accent},
  date 	       = {2021-07-20},
  booktitle    = {Cànan \&{} cultar~/ {Language} \&{} culture},
  booksubtitle = {Rannsachadh na {Gàidhlig} 10},
  editor       = {McLeod, Wilson and Gunderloch, Anja and Dunbar, Rob},
  location     = {Aberdeen},
  publisher    = {Aberdeen University Press},
  pages        = {185--204}
}
