

@article{iosad2016rule,
  title	       = {Rule scattering and vowel length in {Northern Romance}},
  volume       = 1,
  DOI	       = {10.2218/pihph.1.2016.1700},
  journaltitle = {Papers in Historical Phonology},
  author       = {Iosad, Pavel},
  date	       = {2016},
  pages	       = {218--237}
}

@Article{iosad15:_welsh,
  author       = {Iosad, Pavel},
  title        = {Welsh svarabhakti as stem allomorphy},
  journaltitle = {Transactions of the Philological Society},
  date      = {2017},
  volume       = {115},
  issue        = {2},
  pages        = {141--175},
  doi 	       = {10.1111/1467-968X.12085}}

@Article{iosad2017phonologization,
  author       = {Iosad, Pavel},
  title	       = {The phonologization of redundancy},
  volume       = 34,
  number       = 1,
  pages	       = {121--162},
  doi	       = {10.1017/S0952675717000057},
  subtitle     = {Length and quality in {Welsh} vowels},
  journaltitle = {Phonology},
  date	       = 2017
}

@Article{iosad14:_supras_scott_gaelic_danis,
  author       = {Iosad, Pavel},
  title	       = {Prosodic structure and suprasegmental features},
  subtitle     = {Short-vowel stød in {Danish}},
  volume       = {19},
  number       = {3},
  pages        = {221--268},
  doi 	       = {10.1007/s10828-016-9083-8},
  date	       = {2016},
  journaltitle = {Journal of Comparative Germanic Linguistics},
}

@Article{iosad14:_breton,
  author = 	 {Iosad, Pavel},
  keyword = 	 {iosad},
  title = 	 {The phonology and morphosyntax of mutation in {Breton}},
  file 	       = {/Users/piosad/ownCloud/completed.papers/worse/paper_rev_clean.doc},
  journal = 	 {Lingue e linguaggio},
  date = 	 {2014},
  volume = 	 {13},
  number = 	 {1},
  pages = 	 {23--42},
  doi = 	 {10.1418/76998}}


@Article{iosaded:_final_italy,
  keyword = 	 {iosad},
  author = 	 {Iosad, Pavel},
  title = 	 {Final devoicing and vowel lengthening in {Friulian}},
  doi = 	 {10.1016/j.lingua.2012.03.004},
  subtitle =     {A representational approach},
  journal =      {Lingua},
  date = 	 {2012},
  volume = 	 {122},
  number = 	 {8},
  pages = 	 {922--951}}

@Article{iosad12:_vowel_russian,
  author =	 {Iosad, Pavel},
  keyword =	 {iosad},
  title =	 {Vowel reduction in {Russian}},
  subtitle =	 {No phonetics in phonology},
  doi 	       = {10.1017/S0022226712000102},
  date =	 2012,
  journal =	 {Journal of Linguistics},
  volume =	 48,
  number =	 3,
  pages =	 {521--571}
}




@Article{иосад2008теория,
  author       = {Iosad, Pavel},
  title	       = {Теория оптимальности},
  subtitle     = {Обзор основной литературы},
  journaltitle = {Вопросы языкознания},
  volume       = 2008,
  number       = 4,
  pages	       = {104--121},
  date	       = 2008,
  addendum     = {In Russian: \emph{Optimality Theory: A survey of the basic literature}},
  langid       = {russian}
}

