@article{iosad2018depth,
  title	       = {Depth, brilliance, clarity},
  subtitle     = {{Andrey Anatolyevich Zaliznyak} (1935--2017)},
  volume       = 22,
  DOI	       = {10.1515/lingty-2018-0006},
  number       = 1,
  journaltitle = {Linguistic Typology},
  author       = {Iosad, Pavel and Koptjevskaja-Tamm, Maria and Piperski, Alexander and Sitchinava, Dmitri},
  date	       = 2018,
  pages	       = {175--184}
}

@InCollection{rhys2013minority,
  author       = {Rhys, Catrin S. and Iosad, Pavel and Henry, Alison},
  title        = {Introduction},
  pages        = {x--xiv},
  booktitle    = {Minority languages, microvariation, minimalism, and meaning},
  booksubtitle = {Proceedings of the {Irish} {Network} in {Formal} {Linguistics}},
  publisher    = {Cambridge Scholars Publishing},
  date	       = 2013,
  editor       = {Rhys, Catrin S. and Iosad, Pavel and Henry, Alison},
  location     = {Newcastle upon Tyne}
}

@incollection{iosad2017celtic,
  title	       = {Celtic Mutations},
  author       = {Iosad, Pavel},
  DOI	       = {10.1093/obo/9780199772810-0146},
  booktitle    = {Oxford Bibliographies Online},
  publisher    = {Oxford University Press},
  editor       = {Aronoff, Mark},
  location     = {Oxford},
  author       = {Iosad, Pavel},
  date	       = {2017/}
}

@article{honeybone2016preface,
  title	       = {Preface},
  volume       = 1,
  DOI	       = {10.2218/pihph.1.2016.1689},
  journaltitle = {Papers in Historical Phonology},
  author       = {Honeybone, Patrick and Bradfield, Julian and Fruehwald, Josef and Iosad, Pavel and Molineaux, Benjamin
                  and Ramsammy, Michael},
  year	       = 2016,
  pages	       = {1--4}
}
