@Misc{iosad15_llafaR,
  author       = {Iosad, Pavel},
  title	       = {Welsh vowels},
  date	       = 2016,
  howpublished = {Dataset, Open Science Framework},
  doi 	       = {10.17605/OSF.IO/HD3BZ}
}
