


@Misc{iosad2018evidence,
  author    = {Iosad, Pavel},
  title        = {Evidence for {Stratal Phonology}},
  date      = {2018-10-23},
  subtitle     = {Stem-level phonology and morphological structure},
  howpublished = {University of Manchester LEL Seminar, Manchester}}

@Misc{iosad15:_preas_north_argyl_gaelic,
  author       = {Iosad, Pavel and Ramsammy, Michael and Honeybone, Patrick},
  title	       = {Preaspiration in {North} {Argyll} {Gaelic} and its contribution to prosodic structure},
  date	       = {2015-08-13},
  howpublished = {Forum for Research on the Languages of Scotland and Ulster, University of the West of Scotland, Ayr}
}


@Misc{iosad2018english,
  author    = {Iosad, Pavel and Maguire, Warren},
  title    = {English epenthesis in \emph{lC} and \emph{rC} clusters},
  subtitle     = {Areal effect or drift},
  date      = {2018-08-30},
  howpublished = {20th International Conference on English Historical Linguistics (ICEHL XX), University of Edinburgh, Edinburgh}}


@Misc{iosad2018scottish,
  author    = {Iosad, Pavel},
  title    = {A metrical analysis of {Scottish Gaelic} tonal accent},
  date      = {2018-08-30},
  howpublished = {Rannsachadh na Gàidhlig 2018, University of Edinburgh, Edinburgh}}



@Misc{iosad2018norse,
  author    = {Iosad, Pavel},
  title        = {The {Norse} influence on {Scottish Gaelic}, 85 years on},
  date      = {2018-08-23},
  howpublished = {Forum for Research on the Languages of Scotland and Ulster, University of Glasgow, Glasgow}}


@Misc{iosad2008there,
  title	       = {There is no problem of /v/ in {Russian} phonology},
  author       = {Iosad, Pavel},
  howpublished = {26th Manchester Phonology Meeting, University of Manchester, Manchester},
  date	       = {2018-05-26}}


@Misc{iosad2018norwegian,
  title    = {Norwegian preaspiration in traditional and modern sources},
  author       = {Iosad, Pavel},
  date      = {2018-01-12},
  howpublished = {13th Forum for Germanic Language Studies, University of Edinburgh, Edinburgh}}

@Misc{iosad2017towards,
  author    = {Iosad, Pavel},
  title        = {Towards a history of the tenseness contrast in {Brythonic} vowels},
  date      = {2017-11-30},
  note 	       = {Poster presentation},
  howpublished = {3rd Edinburgh Symposium on Historical Phonology, University of Edinburgh, Edinburgh}}


@Misc{iosad2017pre,
  author    = {Iosad, Pavel},
  title        = {Pre-sonorant voicing, laryngeal realism, and language contact},
  date      = {2017-11-29},
  howpublished = {Fringe Session on Laryngeal Phonology, 3rd Edinburgh Symposium on Historical Phonology, University of Edinburgh, Edinburgh}}


@Misc{iosad2017bridging,
  author    = {Iosad, Pavel},
  title        = {Bridging the gap},
  subtitle     = {Tenseness and length in {Brythonic} vowels},
  date      = {2017-08-31},
  howpublished = {New Approaches to Brittonic Historical Linguistics, Dublin Institute for Advanced Studies, Dublin, Ireland}}

@Misc{iosad2017microvariation,
  author    = {Iosad, Pavel},
  title        = {Microvariation in laryngeal realism},
  subtitle     = {Preaspiration in {North Germanic}},
  date      = {2017-05-27},
  howpublished = {25th Manchester Phonology Meeting, University of Manchester, Manchester}}

@Misc{iosad2017variation,
  author    = {Iosad, Pavel},
  title        = {Variation in {North Germanic} preaspiration},
  date      = {2017-02-25},
  location     = {Fonologi i Norden, University of Agder, Kristiansand, Norway}}

@Misc{iosad2016makings,
  author    = {Iosad, Pavel and Ní Chiosáin, Máire},
  title        = {Making sense of consonant palatalization and vowel backness in {Irish}},
  date      = {2016-12-03},
  howpublished = {Language Documentation and Linguistic Theory 5, School of Oriental and African Studies, London}}

@Misc{iosad2016short,
  author    = {Iosad, Pavel and Ní Chiosáin, Máire},
  title        = {Short vowel allophones in {Modern Irish}},
  date      = {2016-11-09},
  howpublished = {Tionól 2016, Dublin Institute for Advanced Studies, Dublin}}

@Misc{iosad2016european,
  author    = {Iosad, Pavel},
  title        = {The northwest {European} phonological area},
  subtitle     = {New approaches to an old problem},
  date      = {2016-09-29},
  howpublished = {Linguistic Circle, University of Edinburgh, Edinburgh}}



@Misc{iosad2016problems,
  author    = {Iosad, Pavel and Ní Chiosáin, Máire},
  title        = {Problems of phonemicization},
  subtitle     = {Irish short vowels revisited},
  date      = {2016-09-01},
  howpublished = {9th Celtic Linguistics Conference, Cardiff University, Cardiff}}


@Misc{iosad2016morphology,
  author    = {Iosad, Pavel and Lamb, Will},
  title    = {Morphology and dialectology in the {Linguistic Survey of Scotland}},
  subtitle        = {A quantitative approach},
  date      = {2016-06-24},
  howpublished = {Rannsachadh na Gàidhlig 2016, Sabhal Mòr Ostaig, Sleat}}

@Misc{knooihuizen2016vowel,
  author    = {Knooihuizen, Remco and Iosad, Pavel},
  title        = {Vowel length in {Shetland Norn}},
  date      = {2016-06-09},
  howpublished = {AMC Symposium on Historical Dialectology, University of Edinburgh, Edinburgh},
  subtitle     = {Contact, change, and competing systems}}


@Misc{iosad2016european2,
  author    = {Iosad, Pavel},
  title        = {The northwest {European} linguistic area},
  subtitle     = {New approaches to an old problem},
  date      = {2016-04-20},
  howpublished = {Local talk at University of Tromsø --- The Arctic University of Norway}}


@Misc{iosad2016backness,
  author    = {Iosad, Pavel and Ní Chiosáin, Máire},
  title        = {Backness in {Irish} and {Scottish Gaelic} short vowels},
  subtitle     = {Phonology and/or coarticulation},
  date      = {2016-02-19},
  howpublished = {Fonologi i Skandinavien (FiSk), University of Gothenburg, Gothenburg, Sweden}}


@Misc{iosad2016backness2,
  author    = {Iosad, Pavel and Ní Chiosáin, Máire},
  title        = {Vowel backness and palatalization in {Irish} and {Scottish Gaelic} short vowels},
  subtitle     = {A study in rule scattering},
  date      = {2016-01-14},
  howpublished = {13th Old World Conference in Phonology, Eötvös Loránd University and the Research Institute for Linguistics, Hungarian Academy of Sciences, Budapest, Hungary}}

@Misc{botma2015phonetic,
  author    = {Botma, Bert and Iosad, Pavel and Shiraishi, Hidetoshi},
  title    = {Phonetic (non-)explanation in historical phonology},
  subtitle        = {Duration, harmony, and dissimilation},
  date      = {2015-12-04},
  howpublished = {The Second Edinburgh Symposium on Historical Phonology, The University of Edinburgh, Scotland}}

@Misc{iosad2015preaspiration,
  author    = {Iosad, Pavel},
  title        = {Preaspiration and tonal accents as {Northern Gaelic} features},
  subtitle     = {Reconsidering contact origins},
  date      = {2015-07-16},
  howpublished = {15th International Congress of Celtic Studies, University of Glasgow, Glasgow, Scotland}}

@Misc{iosad2015free,
  author    = {Iosad, Pavel},
  title        = {Free and not so free},
  subtitle     = {Dialect variation and quantity-quality interactions in {Welsh} vowels},
  date      = {2015-07-04},
  howpublished = {22nd Welsh Linguistics Seminar, Plas Gregynog, Wales}}

@Misc{iosad2015quantity,
  author    = {Iosad, Pavel},
  title        = {Quantity-quality interactions in {Welsh} vowels},
  subtitle     = {Phonologization across dialects},
  date      = {2015-05-30},
  howpublished = {23rd Manchester Phonology Meeting, University of Manchester, Manchester, UK}}

@Misc{iosad2015,
  author    = {Iosad, Pavel},
  title        = {An echoing tone},
  subtitle     = {Pitch accent parallels in Scandinavia and Scotland},
  date      = {2015-02-19},
  howpublished = {Nordic Research Network 2015, University of Edinburgh, Edinburgh, Scotland}}

@Misc{iosad2014length,
  author    = {Iosad, Pavel},
  title        = {Length and tenseness across {Welsh} dialects},
  date      = {2014-07-19},
  howpublished = {Amrywiaeth Ieithyddol yng Nghymru / Linguistic Diversity in Wales, National Library of Wales, Aberystwyth, Wales}}

@Misc{iosad2014stress,
  author    = {Iosad, Pavel},
  title        = {Stress and consonant length in {Welsh} revisited},
  date      = {2014-07-16},
  howpublished = {21st Welsh Linguistics Seminar, Plas Gregynog, Wales}}

@Misc{iosad2014ареальные,
  author    = {Iosad, Pavel},
  title        = {Ареальные схождения в фонологии языков {Северной Европы}: {Языковые} контакты или типология?},
  titleaddon   = {[Areal similarities in the phonology of {Northern European} languages: {Language} contact or typology?]},
  date      = {2014-05-19},
  howpublished = {Phonology Seminar, Moscow State University, Moscow, Russia}}

@Misc{iosad2014phonologization,
  author    = {Iosad, Pavel},
  title        = {Phonologization of redundant contrasts and the {Contrastivist Hypothesis}},
  date      = {2014-05-09},
  howpublished = {Eighth North American Phonology Conference, Concordia University, Montréal, Canada}}

@Misc{iosad2014atr,
  author    = {Iosad, Pavel},
  title        = {The [{ATR}]/laryngeal connection and emergent features},
  date      = {2014-04-05},
  howpublished = {GLOW Workshop on Phonological Specification and Interface Interpretation, KU Leuven HUBrussel, Brussels, Belgium}}

@Misc{iosad2014lautgeographie,
  howpublished = {Invited talk, University of Manchester, Manchester, UK},
  author       = {Iosad, Pavel},
  title	       = {\emph{Nordeuropäische Lautgeographie} revisited},
  subtitle     = {The view from theoretical phonology},
  date	       = {2014-02-11}
}

@Misc{iosad2014connecting,
  author    = {Iosad, Pavel},
  title        = {Connecting the dots},
  subtitle     = {The phonologization of redundant tenseness across {Welsh} dialects},
  note 	       = {Poster presentation},
  date      = {2014-01-13},
  howpublished = {Symposium on Historical Phonology, The University of Edinburgh, Edinburgh, Scotland}}


@Misc{iosad2013in,
  author    = {Iosad, Pavel},
  title        = {In search of lost phonology},
  subtitle     = {Svarabhakti, metathesis and stem allomorphy in {South} Welsh},
  date      = {2013-10-16},
  howpublished = {Invited talk at the SELLL Linguistics Seminar, Newcastle University, Newcastle upon Tyne, UK}}


@Misc{honeybone2013phonemicization,
  author    = {Honeybone, Patrick and Iosad, Pavel},
  title        = {Phonemicization vs. phonologization},
  subtitle     = {Voiced fricatives in {Old English} and {Brythonic}},
  date      = {2013-08-29},
  howpublished = {2013 Annual Meeting of the Linguistics Association of Great Britain, School of Oriental and African Studies, London, UK}}

@Misc{iosad2013non,
  author    = {Iosad, Pavel},
  title        = {Non-contrastive epenthetic segments as surface prosodic structure},
  date      = {2013-05-23},
  howpublished = {21st Manchester Phonology Meeting, University of Manchester, Manchester, UK}}

@Misc{iosad2013glottal,
  author    = {Iosad, Pavel},
  title        = {Glottal stop insertion in {Scottish Gaelic} and contrastive syllabification},
  date      = {2013-04-19},
  howpublished = {Teangeolaíocht na Gaeilge / Cànanachas na Gàidhlig / The Linguistics of the Gaelic Languages XV. University College Dublin, Dublin, Republic of Ireland}}

@Misc{iosad2012,
  author    = {Iosad, Pavel},
  title        = {The phonological endgame},
  subtitle     = {Welsh svarabhakti revisited},
  date      = {2012-11-03},
  howpublished = {New Researchers Forum in Linguistics, University of Manchester and University of Salford, UK}}

@Misc{iosad2013phonetic,
  author    = {Iosad, Pavel},
  title        = {Phonetic realization is irrelevant for phonological representation},
  subtitle     = {The case of {Celtic} laryngeal features},
  date      = {2013-10-03},
  howpublished = {Research Seminar in Language and Linguistics, University of Ulster, Jordanstown, Northern Ireland}}

@Misc{iosad20102in,
  author    = {Iosad, Pavel},
  title        = {In defence of {Richness of the Base}},
  subtitle     = {Context-free weight in {Welsh}},
  date      = {2012-09-14},
  howpublished = {CASTL Decennium Conference, University of Tromsø/CASTL, Tromsø, Norway}}

@Misc{iosad2012bothoa,
  author    = {Iosad, Pavel},
  title        = {A unified account of the behaviour of high vowels in {Bothoa Breton}},
  date      = {2012-06-23},
  howpublished = {7th Celtic Linguistics Conference, University of Rennes 2, Rennes, France}}

@Misc{iosad2012deconstructing,
  author    = {Iosad, Pavel},
  title        = {Deconstructing mutation in {Breton}},
  date      = {2012-06-08},
  howpublished = {Workshop on the Selection and Representation of Morphological Exponents, University of Tromsø/CASTL, Tromsø, Norway}}

@Misc{iosad2012laryngeal,
  author    = {Iosad, Pavel},
  title        = {Laryngeal realism revisited},
  subtitle     = {Voicelessness in {Breton}},
  date      = {2012-05-26},
  howpublished = {20th Manchester Phonology Meeting, University of Manchester, Manchester, UK}}

@Misc{iosad2012scottish,
  author    = {Iosad, Pavel},
  title        = {\enquote{Pitch accent} and prosodic structure in {Scottish Gaelic}},
  subtitle     = {Historical implications},
  date      = {2012-04-24},
  howpublished = {11th International Conference of Nordic and General Linguistics, University of Freiburg, Freiburg, Germany}}

@Misc{iosad2011explaining,
  author    = {Iosad, Pavel},
  title        = {Explaining licensing mismatches in {Welsh}},
  date      = {2011-01-20},
  howpublished = {Old World Conference in Phonology 8, Marrakech, Morocco}}

@Misc{iosad2011,
  author    = {Iosad, Pavel},
  title        = {On (some) dimensions of headship in phonology},
  date      = {2011-01-10},
  howpublished = {The PJ Workshop, University of Tromsø/CASTL, Tromsø, Norway}}

@Misc{iosad2010final,
  subtitle     = {A representational approach},
  author       = {Iosad, Pavel},
  title	       = {Final devoicing and vowel lengthening in the north of {Italy}},
  date	       = {2010-12-13},
  howpublished = {Going Romance 24, Leiden University, Leiden, Netherlands}
}

@Misc{iosad2010,
  howpublished = {Workshop on Morphosyntax – Phonology Interface Theories, Leiden University, Leiden, Netherlands},
  author    = {Iosad, Pavel},
  title        = {A bad case of excessive computation},
  subtitle     = {The rôle of morphology in palatalization-related alternations in {Russian}},
  date      = {2010-12-12}}

@Misc{iosad2010how,
  author    = {Iosad, Pavel},
  title        = {How good is the internal evidence for multiple-level phonological computation? {A view from Russian},},
  date      = {2010-09-15},
  howpublished = {\enquote{What’s in a word? Exploring the relationship between syntax and phonology}. University of Tromsø/CASTL, Tromsø, Norway}}



@Misc{iosad2010incomplete,
  author    = {Iosad, Pavel},
  title    = {Incomplete neutralization and unorthodox markedness in {Breton} laryngeal phonology},
  date      = {2010-09-12},
  howpublished = {6th Celtic Linguistics Conference, University College Dublin, Dublin, Ireland}}


@Misc{iosad2010feature,
  author       = {Iosad, Pavel},
  title	       = {Feature geometry meets contrastive specification},
  howpublished = {18th Manchester Phonology Meeting, University of Manchester, Manchester, UK},
  subtitle     = {Incomplete neutralization reloaded.},
  date	       = {2010-05-24}
}

@Misc{iosad2010russian,
  author       = {Iosad, Pavel},
  title	       = {A good old-fashioned approach to {Russian} palatalization},
  date	       = {2010-04-30},
  howpublished = {Invited talk, University of Oslo, Oslo, Norway}
}



@Misc{iosad-moren2010russian,
  author       = {Iosad, Pavel and Morén-Duolljá, Bruce},
  title	       = {Russian palatalization: the true(r) story},
  date	       = {2010-01-27},
  howpublished = {Old World Conference in Phonology 7, University of Nice, Nice, France}
}


@Misc{iosad2010structure,
  author    = {Iosad, Pavel},
  title        = {Structure versus prominence},
  howpublished = {Old World Conference in Phonology 7, University of Nice, Nice, France},
  note 	       = {Poster presentation},
  subtitle = {Evidence from {Munster Irish}},
  date      = {2010-01-26}}



@Misc{iosad2009russian,
  author    = {Iosad, Pavel and Morén-Duolljá, Bruce},
  title    = {Russian (morpho)phonological palatalization},
  subtitle     = {A holistic approach},
  date      = {2009-12-15},
  howpublished = {Formal Description of Slavic Languages 8, University of Potsdam, Potsdam, Germany}}

@Misc{iosad2009cuique,
  author    = {Iosad, Pavel},
  title     = {Cuique suum},
  subtitle     = {Vowel reduction in {Russian}},
  date      = {2009-12-14},
  howpublished = {Formal Description of Slavic Languages 8, University of Potsdam, Potsdam, Germany}}



@Misc{iosad2009tre,
  author    = {Iosad, Pavel},
  title	       = {Tre problemer i russisk fonologi},
  subtitle     = {Vokaler, palatalisering og nivåer},
  date      = {2009-11-15},
  howpublished = {Novemberseminaret i russisk, University of Tromsø, Tromsø, Norway},
  langid       = {norsk},
  note 	       = {In Norwegian: \emph{Three problems in Russian phonology: vowels, palatalization, and levels}}}



@Misc{iosad2009russian-castl,
  author       = {Iosad, Pavel},
  title	       = {Russian palatalization in substance-free phonology},
  date	       = {2009-10-15},
  howpublished = {CASTL Colloquium series, University of Tromsø, Tromsø, Norway}
}


@Misc{iosad2009sandhi,
  author    = {Iosad, Pavel},
  title        = {Sandhi, mutation, and contrast},
  subtitle     = {Laryngeal phonology in {Plougrescant Breton}},
  date      = {2009-10-10},
  howpublished = {Toronto – Tromsø Phonology Workshop, University of Toronto, Toronto, Canada}}


@Misc{iosad2009russian-bergen,
  author    = {Iosad, Pavel},
  title        = {Russian vowel reduction without functional motivation},
  date      = {2009-06-15},
  howpublished = {Third Scandinavian PhD Conference in Linguistics and Philology. University of Bergen, Bergen, Norway}}


@Misc{iosad2008fonetikk,
  author       = {Iosad, Pavel},
  title	       = {Fonetikk versus fonologi},
  subtitle     = {Den ubehagelige sannheten om vokalreduksjon i russisk},
  date	       = {2008-11-15},
  langid       = {norsk},
  note	       = {In Norwegian: ‘Phonetics vs phonology: the inconvenient truth about Russian vowel reduction’},
  howpublished = {Novemberseminaret i russisk, University of Tromsø, Tromsø, Norway}
}


@Misc{iosad2008too,
  author    = {Iosad, Pavel},
  title        = {Too many levels, too few solutions},
  subtitle     = {Mutations and postlexical phonology in {Breton}},
  date      = {2008-05-25},
  howpublished = {14th Manchester Phonology Meeting, University of Manchester, Manchester, UK}}



@Misc{iosad2008all,
  author    = {Iosad, Pavel},
  title        = {All that glistens is not gold},
  subtitle     = {Against autosegmental approaches to initial consonant mutation},
  date      = {2008-04-30},
  howpublished = {GLOW 31 Colloquium, Newcastle University, Newcastle upon Tyne, UK}}


@Misc{iosad2008liquids,
  author    = {Iosad, Pavel},
  title        = {Liquids and spirants},
  subtitle     = {A phonological perspective},
  date      = {2008-04-29},
  howpublished = {GLOW workshop on ‘Categorical phonology and gradient facts’, Newcastle University, Newcastle upon Tyne, UK}}



@Misc{iosad2008against,
  author    = {Iosad, Pavel},
  title        = {Against autosegmental approaches to initial consonant mutation},
  date      = {2008-04-15},
  howpublished = {CASTL Colloquium series, University of Tromsø, Tromsø, Norway}}



@Misc{iosad2008initial,
  author    = {Iosad, Pavel},
  title        = {Initial consonant mutation and information flow in {Mende}},
  date      = {2008-01-28},
  howpublished = {Old World Conference in Phonology 5, University of Toulouse II — Le Mirail, Toulouse, France}}



@Misc{iosad2007лексикализованные,
  author    = {Iosad, Pavel},
  title        = {Лексикализованные вершины в валлийском синтаксисе},
  date      = {2007-04-15},
  howpublished = {Syntactic Structures 1, Russian State University for the Humanities, Moscow, Russia},
  note 	       = {In Russian: \emph{Lexicalized heads in Welsh syntax}}}


@Misc{iosad2007phonological,
  author    = {Iosad, Pavel},
  title	       = {Phonological processes as lexical insertion},
  subtitle     = {More evidence from Welsh and elsewhere},
  date      = {2007-01-19},
  howpublished = {Old World Conference in Phonology 4, University of the Aegean, Rhodes, Greece}}



@Misc{iosad2006валлийский,
  author    = {Iosad, Pavel},
  title	       = {Валлийский язык и типология мутаций начальных согласных},
  date      = {2006-10-15},
  howpublished = {Third Conference on Typology and Grammar for Young Researchers, Institute of Linguistic Studies
                  (Russian Academy of Sciences), St. Petersburg, Russia}}



@Misc{iosad2006brythonic,
  author    = {Iosad, Pavel},
  title	       = {Brythonic \enquote{second lenition} revisited},
  date      = {2006-09-15},
  howpublished = {Second Colloquium of Societas Celto-Slavica, Moscow State University and Institute of Linguistics
                  (Russian Academy of Sciences), Moscow, Russia}}


@Misc{iosad2006грамматикализация,
  author    = {Iosad, Pavel},
  title        = {\textrussian{Грамматикализация начальных чередований в валлийском языке: некоторые наблюдения}},
  date      = {2006-04-15},
  note 	       = {In Russian: \emph{Some observations on the grammaticalization of initial consonant mutations in Welsh}},
  howpublished = {Moscow Student Conference in Linguistics, Moscow State University, Moscow, Russia}}



@Misc{iosad2006right,
  author    = {Iosad, Pavel},
  title	       = {Right at the left edge},
  subtitle     = {Initial consonant mutations in the world’s languages},
  date      = {2006-03-30},
  howpublished = {Rara and Rarissima: Collecting and interpreting unusual characteristics of human languages, Max Planck
                  Institute for Evolutionary Anthropology, Leipzig, Germany}}



@Misc{iosad2005к,
  author    = {Iosad, Pavel},
  title	       = {К морфонологической типологии},
  subtitle     = {«Рерадикализация» в языках мира},
  date      = {2005-10-15},
  howpublished = {Second Conference on Typology and Grammar for Young Researchers, Institute of Linguistic Studies (Russian Academy of Sciences), St. Petersburg, Russia},
  note 	       = {In Russian: \emph{On morphophonological typology: \enquote{Reradicalization} in the world’s languages}}}


@Misc{pazelskaya2005типологически,
  author    = {Pazelskaya, Anna and Tsyurupa, Maria and Iosad, Pavel},
  title	       = {\textrussian{Типологически значимые параметры глагольной лексики}},
  subtitle     = {\textrussian{Имперфективирующие деривации ненецкого языка}},
  date 	       = {2005-04-10},
  howpublished = {Fourth International School in Linguistic Typology and Anthropology, Yerevan, Armenia},
  note 	       = {In Russian: \emph{Typological parameters in the verbal lexicon: Imperfectivizing derivations in Nenets}}}
